<record><leader>00000cas a22000007a 4500</leader><controlfield tag="001">37138550</controlfield><controlfield tag="008">970617d19561986okucr n       0    0eng d</controlfield><datafield ind1=" " ind2=" " tag="010"><subfield code="a">sn 97064949 </subfield></datafield><datafield ind1=" " ind2=" " tag="040"><subfield code="a">OBN</subfield><subfield code="b">eng</subfield><subfield code="c">OBN</subfield><subfield code="d">OCLCQ</subfield><subfield code="d">OCLCF</subfield><subfield code="d">OCLCO</subfield></datafield><datafield ind1="1" ind2=" " tag="029"><subfield code="a">AU@</subfield><subfield code="b">000013335450</subfield></datafield><datafield ind1=" " ind2=" " tag="042"><subfield code="a">msc</subfield></datafield><datafield ind1=" " ind2=" " tag="043"><subfield code="a">n-us-ok</subfield></datafield><datafield ind1="0" ind2="0" tag="245"><subfield code="a">Guthrie register-news and Oklahoma weekly leader.</subfield></datafield><datafield ind1="3" ind2=" " tag="246"><subfield code="a">Guthrie register-news</subfield></datafield><datafield ind1=" " ind2=" " tag="260"><subfield code="a">Guthrie, Okla. :</subfield><subfield code="b">Guthrie Publications</subfield></datafield><datafield ind1=" " ind2=" " tag="300"><subfield code="a">v.</subfield></datafield><datafield ind1=" " ind2=" " tag="310"><subfield code="a">Semiweekly</subfield></datafield><datafield ind1="0" ind2=" " tag="362"><subfield code="a">Vol. 66, no. 16 (June 7, 1956)-v. 74, no. 74 (June 26, 1986).</subfield></datafield><datafield ind1=" " ind2="0" tag="651"><subfield code="a">Guthrie (Okla.)</subfield><subfield code="v">Newspapers.</subfield></datafield><datafield ind1=" " ind2="0" tag="651"><subfield code="a">Logan County (Okla.)</subfield><subfield code="v">Newspapers.</subfield></datafield><datafield ind1=" " ind2="7" tag="655"><subfield code="a">Newspapers.</subfield><subfield code="2">fast</subfield><subfield code="0">(OCoLC)fst01423814</subfield></datafield><datafield ind1=" " ind2="7" tag="651"><subfield code="a">Oklahoma</subfield><subfield code="z">Guthrie.</subfield><subfield code="2">fast</subfield><subfield code="0">(OCoLC)fst01220328</subfield></datafield><datafield ind1=" " ind2="7" tag="651"><subfield code="a">Oklahoma</subfield><subfield code="z">Logan County.</subfield><subfield code="2">fast</subfield><subfield code="0">(OCoLC)fst01205715</subfield></datafield><datafield ind1="0" ind2="4" tag="780"><subfield code="t">Oklahoma weekly leader (Guthrie, Okla.)</subfield><subfield code="w">(DLC)sn 97064945</subfield><subfield code="w">(OCoLC)37137003</subfield></datafield><datafield ind1="0" ind2="4" tag="780"><subfield code="t">Guthrie register-news (Guthrie, Okla. : 1938)</subfield><subfield code="w">(DLC)sn 97064948</subfield><subfield code="w">(OCoLC)37138154</subfield></datafield><datafield ind1="0" ind2="0" tag="785"><subfield code="t">Guthrie register-news (Guthrie, Okla. : 1986)</subfield><subfield code="w">(DLC)sn 97064950</subfield><subfield code="w">(OCoLC)37138600</subfield></datafield></record>